@inproceedings{miller2017variational,
  title={Variational boosting: Iteratively refining posterior approximations},
  author={Miller, Andrew C and Foti, Nicholas J and Adams, Ryan P},
  booktitle={International Conference on Machine Learning},
  pages={2420--2429},
  year={2017},
  organization={PMLR}
}

@article{kingma2013auto,
  title={Auto-encoding variational bayes},
  author={Kingma, Diederik P and Welling, Max},
  journal={arXiv preprint arXiv:1312.6114},
  year={2013}
}